@article{abbinketal2005,
   author     = {Abbink, E.J.W and Fischetti, M. and Kroon, L.G. and Timmer, G. and Vromans, M.J.C.M.},
   title      = {Reinventing crew scheduling at {N}etherlands {R}ailways},
   journal    = {Interfaces},
   volume     = {35},
   year       = {2005},
   pages      = {393--401},
   number     = {5}
}


@INCOLLECTION{capraraetal2007,
  author=     {Caprara, A. and Kroon, L.G. and Monaci, M. and Peeters, M. and Toth, P.},
  title=      {Passenger Railway Optimization},
  booktitle=  {Handbooks in Operations Research and Management Science},
  publisher=  {Elsevier, Amsterdam},
  year=       {2007},
  editor=     {Barnhart, C. and Laporte, G.},
  volume=     {14},
  chapter=    {3},
  pages=      {129--187},
}

@TECHREPORT{nielsenetal2009,
   author     = {Nielsen, L. and Kroon, L.G. and Mar\'oti, G.},
   title      = {Capacity oriented rolling stock rescheduling in passenger railways},
   institution= {Erasmus University Rotterdam},
   year       = {2009},
   note       = {Submitted to: {\em European Journal of Operational Research}}
}

